@misc{refcaen2718,
  title = "The {CAEN} v2718 {VME} {Crate} {C}ontroller",
  howpublished = "http://www.caen.it/nuclear/product.php?mod=V2718",
  year = "2008"
}
@misc{refcaen2818,
  title = "The {CAEN} a2818 {PCI} {O}ptical {B}ridge",
  howpublished = "http://www.caen.it/nuclear/product.php?mod=A2818",
  year = "2008"
}
@misc{refcaen8011,
  title = "The {CAEN} 8011 {VME} {C}rate",
  howpublished = "http://www.caen.it/nuclear/syproduct.php?mod=VME8011",
  year = "2008"
}
@misc{refcroccrim,
  author = "B. Baldin",
  title = "{VME} {D}ata {A}cquisition {M}odules for {MINER}v{A} {E}xperiment",
  howpublished = "FERMILAB-TM-2458-PPD",
  year = "2010"
}
@misc{refcroc,
  author = "B. Baldin", 
  title = "{MINER}v{A} {C}hain {R}eadout {C}ontroller", 
  year = "2007",
  howpublished = "\href{http://minerva-docdb.fnal.gov:8080/cgi-bin/ShowDocument?docid=1516}{{MINER}v{A} {D}oc-{DB} 1516}"
}
@misc{refcrim,
  author = "B. Baldin", 
  title = "{MINER}v{A} {CROC} {I}nterface {M}odule",
  year = "2009",
  howpublished = "\href{http://minerva-docdb.fnal.gov:8080/cgi-bin/ShowDocument?docid=1238}{{MINER}v{A} {D}oc-{DB} 1238}"
}
@misc{reffeb,
  author = "C.Gingu and P.Rubinov",
  title = "Minerva {M}aster/{S}lave {D}ata {A}cquisition {B}oard {D}escription and {M}easurement {R}esult", 
  year = "2005"
}
@misc{refmvtm,
  author = "T.Fitzpatrick and C.Rotolo",
  title = "{MINOS} {M}aster {C}lock {S}ystem {P}reliminary {D}esign {S}pecification",
  howpublished = "NUMI-NOTR-ELEC-827, Fermilab",
  year =  "2000"
}

